@ARTICLE{Vanderburg2015,
   author = {{Vanderburg}, A. and {Johnson}, J.~A. and {Rappaport}, S. and 
	{Bieryla}, A. and {Irwin}, J. and {Lewis}, J.~A. and {Kipping}, D. and 
	{Brown}, W.~R. and {Dufour}, P. and {Ciardi}, D.~R. and {Angus}, R. and 
	{Schaefer}, L. and {Latham}, D.~W. and {Charbonneau}, D. and 
	{Beichman}, C. and {Eastman}, J. and {McCrady}, N. and {Wittenmyer}, R.~A. and 
	{Wright}, J.~T.},
    title = "{A disintegrating minor planet transiting a white dwarf}",
  journal = {\nat},
archivePrefix = "arXiv",
   eprint = {1510.06387},
 primaryClass = "astro-ph.EP",
     year = 2015,
    month = oct,
   volume = 526,
    pages = {546-549},
      doi = {10.1038/nature15527},
   adsurl = {http://adsabs.harvard.edu/abs/2015Natur.526..546V},
  adsnote = {Provided by the SAO/NASA Astrophysics Data System}
}